<record><leader>00000cas a2200000 a 4500</leader><controlfield tag="001">12660125</controlfield><controlfield tag="008">851011d18841943nduwr ne      0   a0eng  </controlfield><datafield ind1=" " ind2=" " tag="010"><subfield code="a">sn 85042588 </subfield></datafield><datafield ind1=" " ind2=" " tag="040"><subfield code="a">DLC</subfield><subfield code="b">eng</subfield><subfield code="c">DLC</subfield><subfield code="d">NOP</subfield><subfield code="d">CNK</subfield><subfield code="d">DLC</subfield><subfield code="d">OCLCQ</subfield><subfield code="d">DLC</subfield><subfield code="d">OCLCF</subfield></datafield><datafield ind1="0" ind2=" " tag="022"><subfield code="a">2330-6041</subfield><subfield code="2">1</subfield></datafield><datafield ind1="1" ind2=" " tag="029"><subfield code="a">AU@</subfield><subfield code="b">000025822486</subfield></datafield><datafield ind1=" " ind2=" " tag="042"><subfield code="a">pcc</subfield><subfield code="a">nsdp</subfield></datafield><datafield ind1=" " ind2=" " tag="043"><subfield code="a">n-us-nd</subfield></datafield><datafield ind1="0" ind2="0" tag="050"><subfield code="a">Newspaper</subfield></datafield><datafield ind1="0" ind2="0" tag="082"><subfield code="a">071</subfield><subfield code="2">23</subfield></datafield><datafield ind1="0" ind2=" " tag="130"><subfield code="a">Bismarck weekly tribune (Bismarck, N.D. : 1884)</subfield></datafield><datafield ind1=" " ind2="0" tag="222"><subfield code="a">Bismarck weekly tribune</subfield><subfield code="b">(Bismarck, N.D. 1884. Print)</subfield></datafield><datafield ind1="1" ind2="0" tag="245"><subfield code="a">Bismarck weekly tribune.</subfield></datafield><datafield ind1="3" ind2="0" tag="246"><subfield code="a">Bismarck tribune</subfield></datafield><datafield ind1=" " ind2=" " tag="260"><subfield code="a">Bismarck, Dakota [N.D.] :</subfield><subfield code="b">M.H. Jewell,</subfield><subfield code="c">1884-1943.</subfield></datafield><datafield ind1=" " ind2=" " tag="300"><subfield code="a">43 v. :</subfield><subfield code="b">ill. ;</subfield><subfield code="c">52-55 cm.</subfield></datafield><datafield ind1=" " ind2=" " tag="310"><subfield code="a">Weekly</subfield></datafield><datafield ind1="0" ind2=" " tag="362"><subfield code="a">Vol. 12, no. 1 (June 6, 1884)-39th year, Dec. 12, 1919 ; v. 1, no. 1 (Aug. 25, 1926)-v. 16, no. 25 (Nov. 26, 1943).</subfield></datafield><datafield ind1=" " ind2=" " tag="500"><subfield code="a">"Weekly" appears above/below masthead ornament in small type, June 6, 1884-Aug. 5, 1898.</subfield></datafield><datafield ind1=" " ind2=" " tag="500"><subfield code="a">Publisher's block reads: Bismarck tribune.</subfield></datafield><datafield ind1=" " ind2=" " tag="500"><subfield code="a">"State, City and County Official Newspaper."</subfield></datafield><datafield ind1=" " ind2=" " tag="515"><subfield code="a">Volume and numbering changes from "Forty-Second Year" on Mar. 30 to "Thirty-Seventh Year, No. 80" on Apr. 6, 1917 to match Daily tribune numbering.</subfield></datafield><datafield ind1=" " ind2=" " tag="515"><subfield code="a">Publication suspended Dec. 12, 1919-Aug. 25, 1926?</subfield></datafield><datafield ind1=" " ind2=" " tag="515"><subfield code="a">Vol. 8, nos. 1-52 incorrectly numbered v. 7, nos. 53-104.</subfield></datafield><datafield ind1=" " ind2=" " tag="530"><subfield code="a">Archived issues are available in digital format as part of the Library of Congress Chronicling America online collection.</subfield></datafield><datafield ind1=" " ind2=" " tag="530"><subfield code="a">Available on microfilm from the State Historical Society of North Dakota, and the Minnesota Historical Society.</subfield></datafield><datafield ind1=" " ind2=" " tag="580"><subfield code="a">Daily eds.: Bismarck daily tribune, 1884-1916, and: Bismarck tribune (Bismarck, N.D. : 1916), 1916-1943.</subfield></datafield><datafield ind1=" " ind2=" " tag="580"><subfield code="a">Monthly ed.: Bismarck tribune (Bismarck, N.D. : 1943), 1943.</subfield></datafield><datafield ind1=" " ind2="0" tag="651"><subfield code="a">Bismarck (N.D.)</subfield><subfield code="v">Newspapers.</subfield></datafield><datafield ind1=" " ind2="7" tag="655"><subfield code="a">Newspapers.</subfield><subfield code="2">fast</subfield><subfield code="0">(OCoLC)fst01423814</subfield></datafield><datafield ind1=" " ind2="7" tag="651"><subfield code="a">North Dakota</subfield><subfield code="z">Bismarck.</subfield><subfield code="2">fast</subfield><subfield code="0">(OCoLC)fst01206574</subfield></datafield><datafield ind1=" " ind2=" " tag="752"><subfield code="a">United States</subfield><subfield code="b">North Dakota</subfield><subfield code="c">Burleigh</subfield><subfield code="d">Bismarck.</subfield></datafield><datafield ind1="1" ind2=" " tag="775"><subfield code="t">Bismarck daily tribune</subfield><subfield code="x">2330-5924</subfield><subfield code="w">(DLC)sn 85042242</subfield><subfield code="w">(OCoLC)11986756</subfield></datafield><datafield ind1="1" ind2=" " tag="775"><subfield code="t">Bismarck tribune (Bismarck, N.D. : 1916)</subfield><subfield code="x">2330-5967</subfield><subfield code="w">(DLC)sn 85042243</subfield><subfield code="w">(OCoLC)11987205</subfield></datafield><datafield ind1="1" ind2=" " tag="775"><subfield code="t">Bismarck tribune (Bismarck, N.D. : 1943)</subfield><subfield code="w">(DLC)sn 89074367</subfield><subfield code="w">(OCoLC)20662871</subfield></datafield><datafield ind1="0" ind2="8" tag="776"><subfield code="i">Online version:</subfield><subfield code="t">Bismarck weekly tribune (Bismarck, N.D. : 1884 : Online)</subfield><subfield code="x">2330-605X</subfield><subfield code="w">(DLC)  2013218928</subfield><subfield code="w">(OCoLC)856527496</subfield></datafield><datafield ind1="0" ind2="0" tag="780"><subfield code="t">Bismarck tribune (Bismarck, N.D. : 1878)</subfield><subfield code="x">2330-6009</subfield><subfield code="w">(DLC)sn 85042331</subfield><subfield code="w">(OCoLC)12195565</subfield></datafield><datafield ind1="4" ind2="1" tag="856"><subfield code="u">http://chroniclingamerica.loc.gov/lccn/sn85042588/issues</subfield></datafield></record>